@inproceedings{Unte12a,
 author = {Unterholzner, Martin},
 title = {Refactoring Support for {Small-talk} Using Static Type Inference},
 booktitle = {Proceedings of the International Workshop on Smalltalk Technologies},
 series = {IWST '12},
 year = {2012},
 isbn = {978-1-4503-1897-6},
 location = {Ghent, Belgium},
 pages = {1:1--1:18},
 articleno = {1},
 numpages = {18},
 url = {http://doi.acm.org/10.1145/2448963.2448964},
 doi = {10.1145/2448963.2448964},
 acmid = {2448964},
 publisher = {ACM},
 address = {New York, NY, USA},
} 
